@article{takeuchi1986new,
  title={The new new product development game},
  author={Takeuchi, H. and Nonaka, I.},
  journal={Harvard business review},
  volume={64},
  number={1},
  pages={137--146},
  year={1986}
}

% \bibitem{a} 竹内弘高・野中郁次郎:”The New New Product Development Game”.ハーバードビジネスレビュー,1986.
% \bibitem{b} T. Murphy, J. Duggan, D. Norton, B. Prentice, D. Plummer, S. Landry: “2010年の展望：アジャイルとクラウドがアプリケーション開発に及ぼす影響”,ガートナー,2010.
% \bibitem{c} http://analytical-mind.com/2010/03/09/gartner-predicts-2010-agile-and-cloud-impact-application-development-directions/
% \bibitem{d} IPA:”非ウォーターフォール型開発の 普及要因と適用領域の拡大に関する調査～非ウォーターフォール型開発の普及要因の調査～”.pp.8-9,IPA,2012.
% \bibitem{e} Forrester,eWeek 2010年1月22日号,“AGILE DEVELOPMENT: MAINSTREAM ADOPTION HAS CHANGED AGILITY, 2010.
% \bibitem{f} Version One社. “2011 State of Agile Development Survey Results”,2011.
% \bibitem{g} http://www.versionone.com/state\_agile\_development\_survey/11/
% \bibitem{h} 前川徹, "連続セミナー2006 第1回「CIOを取り巻く環境」ソフトウェアの生産性向上の鍵を考える",情報処理学会講演資料,p8-13.
% \bibitem{i} Managing the Development of Large Software Systems
% \bibitem{j} IEEE WESCON, August 1970, pp.1--9
% \bibitem{k} www.ipsj.or.jp/10jigyo/seminar/2006/2006-1-6-maegawa.pdf
% \bibitem{n} Ken Schwaber,Jeff Sutherland:"The Scrum Guide The Official Scrum Rulebook". Scrum Alliance,2011.http://www.scrum.org/scrumguides/
